<?xml version="1.0" encoding="UTF-8"?><record xmlns="http://www.loc.gov/MARC21/slim" xmlns:cinclude="http://apache.org/cocoon/include/1.0" xmlns:zs="http://www.loc.gov/zing/srw/">
  <leader>00477nz  a2200133n  4500</leader>
  <controlfield tag="001">n  99014241 </controlfield>
  <controlfield tag="003">DLC</controlfield>
  <controlfield tag="005">19990220131608.2</controlfield>
  <controlfield tag="008">990220n| acannaab|          |a aaa |||  </controlfield>
  <datafield tag="010" ind1=" " ind2=" ">
    <subfield code="a">n  99014241 </subfield>
  </datafield>
  <datafield tag="040" ind1=" " ind2=" ">
    <subfield code="a">DLC</subfield>
    <subfield code="b">eng</subfield>
    <subfield code="c">DLC</subfield>
  </datafield>
  <datafield tag="100" ind1="1" ind2=" ">
    <subfield code="a">Arti︠u︡shina, E.</subfield>
    <subfield code="q">(Elena)</subfield>
  </datafield>
  <datafield tag="400" ind1="1" ind2=" ">
    <subfield code="a">Arti︠u︡shina, Elena Anatolʹevna</subfield>
  </datafield>
  <datafield tag="670" ind1=" " ind2=" ">
    <subfield code="a">Istoricheskiĭ ocherk stanit︠s︡y Ustʹ-Labinskoĭ, 1794-1917 gg., 1998:</subfield>
    <subfield code="b">t.p. (E. Arti︠u︡shina) colophon (Arti︠u︡shina, Elena Anatolʹevna)</subfield>
  </datafield>
</record>